@book{2,
  title = {{Machine Learning}},
  author = {Mitchell, T.M.},
  isbn = {9780071154673},
  lccn = {97007692},
  series = {McGraw-Hill International Editions},
  url = {https://books.google.com.br/books?id=EoYBngEACAAJ},
  year = {1997},
  publisher = {McGraw-Hill},
}


@book{Hastie_2009,
  doi = {10.1007/978-0-387-84858-7},
  url = {http://dx.doi.org/10.1007/978-0-387-84858-7},
  year = {2009},
  publisher = {Springer New York},
  author = {Trevor Hastie and Robert Tibshirani and Jerome Friedman},
  title = {{The Elements of Statistical Learning}},
}


@online{Udacity,
  author = {Udacity},
  title = {{Machine Learning Engineer Nanodegree} P2 Project Description},
  year = 2016,
  url = {https://www.udacity.com/course/viewer#!/c-nd009/l-5446988865/m-5446493941},
  urldate = {2016-04-04}
}
